@book{matthes2019python,
  title={Python Crash Course, 2nd Edition: A Hands-On, Project-Based Introduction to Programming},
  author={Matthes, E.},
  isbn={9781593279295},
  lccn={2019285685},
  url={https://books.google.pl/books?id=boBxDwAAQBAJ},
  year={2019},
  publisher={No Starch Press}
}

@book{guttag2016,
  title={Introduction to computation and programming using Python: With application to understanding data},
  author={Guttag, John},
  year={2016},
  publisher={MIT Press}
}

@book{hill2016learning,
  title={Learning scientific programming with python},
  author={Hill, Christian},
  year={2016},
  publisher={Cambridge University Press}
}

@book{barry2016head,
  title={Head First Python: A Brain-Friendly Guide},
  author={Barry, P.},
  isbn={9781491919491},
  lccn={2017385930},
  url={https://books.google.pl/books?id=NIqNDQAAQBAJ},
  year={2016},
  publisher={O'Reilly Media}
}

@book{kandel2012principles,
  title={Principles of Neural Science, Fifth Edition},
  author={Kandel, E.R. and Schwartz, J.H. and Jessell, T.M. and Siegelbaum, S.A. and Hudspeth, A.J.},
  isbn={9780071810012},
  lccn={2012023071},
  url={https://books.google.pl/books?id=Z2yVUTnlIQsC},
  year={2012},
  publisher={McGraw-Hill Education}
}

@book{muller2012neural,
  title={Neural Networks: An Introduction},
  author={M{\"u}ller, B. and Reinhardt, J. and Strickland, M.T.},
  isbn={9783642577604},
  series={Physics of Neural Networks},
  url={https://books.google.pl/books?id=on0QBwAAQBAJ},
  year={2012},
  publisher={Springer Berlin Heidelberg}
}

@book{feldman2013neural,
  title={Neural Networks: A Systematic Introduction},
  author={Feldman, J. and Rojas, R.},
  isbn={9783642610684},
  lccn={96008636},
  year={2013},
  publisher={Springer Berlin Heidelberg}
}

@article{McCulloch1943,
      author   = "McCulloch, Warren S. and Pitts, Walter",
      title    = "The logical calculus of the ideas immanent in nervous activity",
      journal  = "The bulletin of mathematical biophysics",
      year     = 1943,
      volume   = "5",
      number   = "4",
      pages    = "115-133",
      url = "https://doi.org/10.1007/BF02478259"
    }

@book{freeman1993,
  title={Simulating Neural Networks with Mathematica},
  author={James A. Freeman},
  isbn={9780201566291},
  year={1993},
  publisher={Addison-Wesley Professional}
}

@book{freeman1991,
  title={Neural Networks: Algorithms, Applications, and Programming Techniques (Computation and Neural Systems Series)},
  author={James A. Freeman and David M. Skapura},
  isbn={9780201513769},
  year={1991},
  publisher={Addison-Wesley}
}
